%YAML 1.1
%TAG !u! tag:unity3d.com,2011:
--- !u!1 &623953082073278749
GameObject:
  m_ObjectHideFlags: 0
  m_CorrespondingSourceObject: {fileID: 0}
  m_PrefabInstance: {fileID: 0}
  m_PrefabAsset: {fileID: 0}
  serializedVersion: 6
  m_Component:
  - component: {fileID: 623953082073183549}
  - component: {fileID: 623953082073313202}
  - component: {fileID: 623953082073313203}
  - component: {fileID: 5572431307197568561}
  - component: {fileID: 1333393456539345373}
  - component: {fileID: 2860167464415122609}
  - component: {fileID: 7527576699307111651}
  - component: {fileID: -5973054772322903241}
  m_Layer: 7
  m_Name: Items_Apple_01 1
  m_TagString: PowerUp
  m_Icon: {fileID: 0}
  m_NavMeshLayer: 0
  m_StaticEditorFlags: 0
  m_IsActive: 1
--- !u!4 &623953082073183549
Transform:
  m_ObjectHideFlags: 0
  m_CorrespondingSourceObject: {fileID: 0}
  m_PrefabInstance: {fileID: 0}
  m_PrefabAsset: {fileID: 0}
  m_GameObject: {fileID: 623953082073278749}
  m_LocalRotation: {x: 0, y: 0, z: 0, w: 1}
  m_LocalPosition: {x: 0, y: 0, z: 0}
  m_LocalScale: {x: 2, y: 2, z: 2}
  m_Children:
  - {fileID: 4948637845911343582}
  m_Father: {fileID: 0}
  m_RootOrder: 0
  m_LocalEulerAnglesHint: {x: 0, y: 0, z: 0}
--- !u!65 &623953082073313202
BoxCollider:
  m_ObjectHideFlags: 0
  m_CorrespondingSourceObject: {fileID: 0}
  m_PrefabInstance: {fileID: 0}
  m_PrefabAsset: {fileID: 0}
  m_GameObject: {fileID: 623953082073278749}
  m_Material: {fileID: 0}
  m_IsTrigger: 1
  m_Enabled: 1
  serializedVersion: 2
  m_Size: {x: 1, y: 1.12, z: 1}
  m_Center: {x: 0, y: 0, z: 0}
--- !u!114 &623953082073313203
MonoBehaviour:
  m_ObjectHideFlags: 0
  m_CorrespondingSourceObject: {fileID: 0}
  m_PrefabInstance: {fileID: 0}
  m_PrefabAsset: {fileID: 0}
  m_GameObject: {fileID: 623953082073278749}
  m_Enabled: 1
  m_EditorHideFlags: 0
  m_Script: {fileID: 11500000, guid: af734d790824ce340972bb1d946712c1, type: 3}
  m_Name: 
  m_EditorClassIdentifier: 
  desiredFallingDuration: 6
  type: 1
--- !u!114 &5572431307197568561
MonoBehaviour:
  m_ObjectHideFlags: 0
  m_CorrespondingSourceObject: {fileID: 0}
  m_PrefabInstance: {fileID: 0}
  m_PrefabAsset: {fileID: 0}
  m_GameObject: {fileID: 623953082073278749}
  m_Enabled: 1
  m_EditorHideFlags: 0
  m_Script: {fileID: 11500000, guid: d5a57f767e5e46a458fc5d3c628d0cbb, type: 3}
  m_Name: 
  m_EditorClassIdentifier: 
  GlobalObjectIdHash: 951099334
  AlwaysReplicateAsRoot: 0
  DontDestroyWithOwner: 0
  AutoObjectParentSync: 1
--- !u!114 &1333393456539345373
MonoBehaviour:
  m_ObjectHideFlags: 0
  m_CorrespondingSourceObject: {fileID: 0}
  m_PrefabInstance: {fileID: 0}
  m_PrefabAsset: {fileID: 0}
  m_GameObject: {fileID: 623953082073278749}
  m_Enabled: 1
  m_EditorHideFlags: 0
  m_Script: {fileID: 11500000, guid: e96cb6065543e43c4a752faaa1468eb1, type: 3}
  m_Name: 
  m_EditorClassIdentifier: 
  SyncPositionX: 1
  SyncPositionY: 1
  SyncPositionZ: 1
  SyncRotAngleX: 0
  SyncRotAngleY: 0
  SyncRotAngleZ: 0
  SyncScaleX: 0
  SyncScaleY: 0
  SyncScaleZ: 0
  PositionThreshold: 0.001
  RotAngleThreshold: 0.01
  ScaleThreshold: 0.01
  InLocalSpace: 0
  Interpolate: 1
  CanCommitToTransform: 0
--- !u!54 &2860167464415122609
Rigidbody:
  m_ObjectHideFlags: 0
  m_CorrespondingSourceObject: {fileID: 0}
  m_PrefabInstance: {fileID: 0}
  m_PrefabAsset: {fileID: 0}
  m_GameObject: {fileID: 623953082073278749}
  serializedVersion: 2
  m_Mass: 1
  m_Drag: 0
  m_AngularDrag: 0.05
  m_UseGravity: 1
  m_IsKinematic: 0
  m_Interpolate: 0
  m_Constraints: 112
  m_CollisionDetection: 0
--- !u!114 &7527576699307111651
MonoBehaviour:
  m_ObjectHideFlags: 0
  m_CorrespondingSourceObject: {fileID: 0}
  m_PrefabInstance: {fileID: 0}
  m_PrefabAsset: {fileID: 0}
  m_GameObject: {fileID: 623953082073278749}
  m_Enabled: 1
  m_EditorHideFlags: 0
  m_Script: {fileID: 11500000, guid: f6c0be61502bb534f922ebb746851216, type: 3}
  m_Name: 
  m_EditorClassIdentifier: 
--- !u!65 &-5973054772322903241
BoxCollider:
  m_ObjectHideFlags: 0
  m_CorrespondingSourceObject: {fileID: 0}
  m_PrefabInstance: {fileID: 0}
  m_PrefabAsset: {fileID: 0}
  m_GameObject: {fileID: 623953082073278749}
  m_Material: {fileID: 0}
  m_IsTrigger: 0
  m_Enabled: 1
  serializedVersion: 2
  m_Size: {x: 0.5, y: 0.99, z: 0.5}
  m_Center: {x: 0, y: 0, z: 0}
--- !u!1001 &4948637845911735134
PrefabInstance:
  m_ObjectHideFlags: 0
  serializedVersion: 2
  m_Modification:
    m_TransformParent: {fileID: 623953082073183549}
    m_Modifications:
    - target: {fileID: 100000, guid: 7dc195d9c771e1841afa4d0a504f2c55, type: 3}
      propertyPath: m_Name
      value: Items_Apple_01 1
      objectReference: {fileID: 0}
    - target: {fileID: 400000, guid: 7dc195d9c771e1841afa4d0a504f2c55, type: 3}
      propertyPath: m_RootOrder
      value: 0
      objectReference: {fileID: 0}
    - target: {fileID: 400000, guid: 7dc195d9c771e1841afa4d0a504f2c55, type: 3}
      propertyPath: m_LocalPosition.x
      value: -0
      objectReference: {fileID: 0}
    - target: {fileID: 400000, guid: 7dc195d9c771e1841afa4d0a504f2c55, type: 3}
      propertyPath: m_LocalPosition.y
      value: 0
      objectReference: {fileID: 0}
    - target: {fileID: 400000, guid: 7dc195d9c771e1841afa4d0a504f2c55, type: 3}
      propertyPath: m_LocalPosition.z
      value: 0
      objectReference: {fileID: 0}
    - target: {fileID: 400000, guid: 7dc195d9c771e1841afa4d0a504f2c55, type: 3}
      propertyPath: m_LocalRotation.w
      value: 1
      objectReference: {fileID: 0}
    - target: {fileID: 400000, guid: 7dc195d9c771e1841afa4d0a504f2c55, type: 3}
      propertyPath: m_LocalRotation.x
      value: 0
      objectReference: {fileID: 0}
    - target: {fileID: 400000, guid: 7dc195d9c771e1841afa4d0a504f2c55, type: 3}
      propertyPath: m_LocalRotation.y
      value: -0
      objectReference: {fileID: 0}
    - target: {fileID: 400000, guid: 7dc195d9c771e1841afa4d0a504f2c55, type: 3}
      propertyPath: m_LocalRotation.z
      value: -0
      objectReference: {fileID: 0}
    - target: {fileID: 400000, guid: 7dc195d9c771e1841afa4d0a504f2c55, type: 3}
      propertyPath: m_LocalEulerAnglesHint.x
      value: 0
      objectReference: {fileID: 0}
    - target: {fileID: 400000, guid: 7dc195d9c771e1841afa4d0a504f2c55, type: 3}
      propertyPath: m_LocalEulerAnglesHint.y
      value: 0
      objectReference: {fileID: 0}
    - target: {fileID: 400000, guid: 7dc195d9c771e1841afa4d0a504f2c55, type: 3}
      propertyPath: m_LocalEulerAnglesHint.z
      value: 0
      objectReference: {fileID: 0}
    m_RemovedComponents: []
  m_SourcePrefab: {fileID: 100100000, guid: 7dc195d9c771e1841afa4d0a504f2c55, type: 3}
--- !u!4 &4948637845911343582 stripped
Transform:
  m_CorrespondingSourceObject: {fileID: 400000, guid: 7dc195d9c771e1841afa4d0a504f2c55, type: 3}
  m_PrefabInstance: {fileID: 4948637845911735134}
  m_PrefabAsset: {fileID: 0}
